@book{TerenceTao,
    title = {Analysis I (Third Edition)},
    author = {Terence Tao},
    isbn = {978-981-10-1789-6},
    series = {Texts and Readings in Mathematics},
    year = {2016},
    publisher = {Springer Singapore},
    keywords = {mathematics},
}

@online{Datenstrukturen,
    author = {Felix Friedrich},
    title = {Vorlesung: Datenstrukturen und Algorithmen an der ETH ZÃ¼rich},
    year = 2018,
    url = {https://lec.inf.ethz.ch/DA/2018/slides/daLecture1.handout.2x2.pdf},
    urldate = {2023-12-04},
}
