@book{AmannEscher1,
    title = {Analysis I (3. Auflage)},
    author = {Herbert Amann and Joachim Escher},
    isbn = {3 7643 7755 0},
    series = {Amann-Escher Analysis (Band 1 von 3)},
    year = {2006},
    publisher = {Birkh√§user Verlag},
    keywords = {mathematics},
}
